%YAML 1.1
%TAG !u! tag:unity3d.com,2011:
--- !u!1 &6892929336700793021
GameObject:
  m_ObjectHideFlags: 0
  m_CorrespondingSourceObject: {fileID: 0}
  m_PrefabInstance: {fileID: 0}
  m_PrefabAsset: {fileID: 0}
  serializedVersion: 6
  m_Component:
  - component: {fileID: 5211083362360865069}
  m_Layer: 0
  m_Name: 3x3 Invis Ground
  m_TagString: Untagged
  m_Icon: {fileID: 0}
  m_NavMeshLayer: 0
  m_StaticEditorFlags: 0
  m_IsActive: 1
--- !u!4 &5211083362360865069
Transform:
  m_ObjectHideFlags: 0
  m_CorrespondingSourceObject: {fileID: 0}
  m_PrefabInstance: {fileID: 0}
  m_PrefabAsset: {fileID: 0}
  m_GameObject: {fileID: 6892929336700793021}
  m_LocalRotation: {x: 0, y: 0, z: 0, w: 1}
  m_LocalPosition: {x: 0, y: 0, z: 0}
  m_LocalScale: {x: 1, y: 1, z: 1}
  m_Children:
  - {fileID: 1668577567059330182}
  - {fileID: 526941514362318617}
  - {fileID: 5269382458518730838}
  - {fileID: 1835284901512110218}
  - {fileID: 8330453574997841929}
  - {fileID: 5201428585125838195}
  - {fileID: 2585323993183249772}
  - {fileID: 6522209177425125556}
  - {fileID: 4680332153395310736}
  m_Father: {fileID: 0}
  m_RootOrder: 0
  m_LocalEulerAnglesHint: {x: 0, y: 0, z: 0}
--- !u!1001 &542250656492670467
PrefabInstance:
  m_ObjectHideFlags: 0
  serializedVersion: 2
  m_Modification:
    m_TransformParent: {fileID: 5211083362360865069}
    m_Modifications:
    - target: {fileID: 8367056414951527942, guid: 692e3d8e249c18641b28e2d02e8f1eae,
        type: 3}
      propertyPath: m_Name
      value: InvisFloor
      objectReference: {fileID: 0}
    - target: {fileID: 8367056414951527946, guid: 692e3d8e249c18641b28e2d02e8f1eae,
        type: 3}
      propertyPath: m_LocalPosition.x
      value: 0
      objectReference: {fileID: 0}
    - target: {fileID: 8367056414951527946, guid: 692e3d8e249c18641b28e2d02e8f1eae,
        type: 3}
      propertyPath: m_LocalPosition.y
      value: 0
      objectReference: {fileID: 0}
    - target: {fileID: 8367056414951527946, guid: 692e3d8e249c18641b28e2d02e8f1eae,
        type: 3}
      propertyPath: m_LocalPosition.z
      value: 0
      objectReference: {fileID: 0}
    - target: {fileID: 8367056414951527946, guid: 692e3d8e249c18641b28e2d02e8f1eae,
        type: 3}
      propertyPath: m_LocalRotation.x
      value: -0
      objectReference: {fileID: 0}
    - target: {fileID: 8367056414951527946, guid: 692e3d8e249c18641b28e2d02e8f1eae,
        type: 3}
      propertyPath: m_LocalRotation.y
      value: -0
      objectReference: {fileID: 0}
    - target: {fileID: 8367056414951527946, guid: 692e3d8e249c18641b28e2d02e8f1eae,
        type: 3}
      propertyPath: m_LocalRotation.z
      value: -0
      objectReference: {fileID: 0}
    - target: {fileID: 8367056414951527946, guid: 692e3d8e249c18641b28e2d02e8f1eae,
        type: 3}
      propertyPath: m_LocalRotation.w
      value: 1
      objectReference: {fileID: 0}
    - target: {fileID: 8367056414951527946, guid: 692e3d8e249c18641b28e2d02e8f1eae,
        type: 3}
      propertyPath: m_RootOrder
      value: 4
      objectReference: {fileID: 0}
    - target: {fileID: 8367056414951527946, guid: 692e3d8e249c18641b28e2d02e8f1eae,
        type: 3}
      propertyPath: m_LocalEulerAnglesHint.x
      value: 0
      objectReference: {fileID: 0}
    - target: {fileID: 8367056414951527946, guid: 692e3d8e249c18641b28e2d02e8f1eae,
        type: 3}
      propertyPath: m_LocalEulerAnglesHint.y
      value: 0
      objectReference: {fileID: 0}
    - target: {fileID: 8367056414951527946, guid: 692e3d8e249c18641b28e2d02e8f1eae,
        type: 3}
      propertyPath: m_LocalEulerAnglesHint.z
      value: 0
      objectReference: {fileID: 0}
    - target: {fileID: 7828161934229396781, guid: 692e3d8e249c18641b28e2d02e8f1eae,
        type: 3}
      propertyPath: m_Enabled
      value: 0
      objectReference: {fileID: 0}
    m_RemovedComponents: []
  m_SourcePrefab: {fileID: 100100000, guid: 692e3d8e249c18641b28e2d02e8f1eae, type: 3}
--- !u!4 &8330453574997841929 stripped
Transform:
  m_CorrespondingSourceObject: {fileID: 8367056414951527946, guid: 692e3d8e249c18641b28e2d02e8f1eae,
    type: 3}
  m_PrefabInstance: {fileID: 542250656492670467}
  m_PrefabAsset: {fileID: 0}
--- !u!1001 &3359205704226404030
PrefabInstance:
  m_ObjectHideFlags: 0
  serializedVersion: 2
  m_Modification:
    m_TransformParent: {fileID: 5211083362360865069}
    m_Modifications:
    - target: {fileID: 8367056414951527942, guid: 692e3d8e249c18641b28e2d02e8f1eae,
        type: 3}
      propertyPath: m_Name
      value: InvisFloor
      objectReference: {fileID: 0}
    - target: {fileID: 8367056414951527946, guid: 692e3d8e249c18641b28e2d02e8f1eae,
        type: 3}
      propertyPath: m_LocalPosition.x
      value: 3
      objectReference: {fileID: 0}
    - target: {fileID: 8367056414951527946, guid: 692e3d8e249c18641b28e2d02e8f1eae,
        type: 3}
      propertyPath: m_LocalPosition.y
      value: 0
      objectReference: {fileID: 0}
    - target: {fileID: 8367056414951527946, guid: 692e3d8e249c18641b28e2d02e8f1eae,
        type: 3}
      propertyPath: m_LocalPosition.z
      value: 0
      objectReference: {fileID: 0}
    - target: {fileID: 8367056414951527946, guid: 692e3d8e249c18641b28e2d02e8f1eae,
        type: 3}
      propertyPath: m_LocalRotation.x
      value: -0
      objectReference: {fileID: 0}
    - target: {fileID: 8367056414951527946, guid: 692e3d8e249c18641b28e2d02e8f1eae,
        type: 3}
      propertyPath: m_LocalRotation.y
      value: -0
      objectReference: {fileID: 0}
    - target: {fileID: 8367056414951527946, guid: 692e3d8e249c18641b28e2d02e8f1eae,
        type: 3}
      propertyPath: m_LocalRotation.z
      value: -0
      objectReference: {fileID: 0}
    - target: {fileID: 8367056414951527946, guid: 692e3d8e249c18641b28e2d02e8f1eae,
        type: 3}
      propertyPath: m_LocalRotation.w
      value: 1
      objectReference: {fileID: 0}
    - target: {fileID: 8367056414951527946, guid: 692e3d8e249c18641b28e2d02e8f1eae,
        type: 3}
      propertyPath: m_RootOrder
      value: 7
      objectReference: {fileID: 0}
    - target: {fileID: 8367056414951527946, guid: 692e3d8e249c18641b28e2d02e8f1eae,
        type: 3}
      propertyPath: m_LocalEulerAnglesHint.x
      value: 0
      objectReference: {fileID: 0}
    - target: {fileID: 8367056414951527946, guid: 692e3d8e249c18641b28e2d02e8f1eae,
        type: 3}
      propertyPath: m_LocalEulerAnglesHint.y
      value: 0
      objectReference: {fileID: 0}
    - target: {fileID: 8367056414951527946, guid: 692e3d8e249c18641b28e2d02e8f1eae,
        type: 3}
      propertyPath: m_LocalEulerAnglesHint.z
      value: 0
      objectReference: {fileID: 0}
    - target: {fileID: 7828161934229396781, guid: 692e3d8e249c18641b28e2d02e8f1eae,
        type: 3}
      propertyPath: m_Enabled
      value: 0
      objectReference: {fileID: 0}
    m_RemovedComponents: []
  m_SourcePrefab: {fileID: 100100000, guid: 692e3d8e249c18641b28e2d02e8f1eae, type: 3}
--- !u!4 &6522209177425125556 stripped
Transform:
  m_CorrespondingSourceObject: {fileID: 8367056414951527946, guid: 692e3d8e249c18641b28e2d02e8f1eae,
    type: 3}
  m_PrefabInstance: {fileID: 3359205704226404030}
  m_PrefabAsset: {fileID: 0}
--- !u!1001 &3814021330817361562
PrefabInstance:
  m_ObjectHideFlags: 0
  serializedVersion: 2
  m_Modification:
    m_TransformParent: {fileID: 5211083362360865069}
    m_Modifications:
    - target: {fileID: 8367056414951527942, guid: 692e3d8e249c18641b28e2d02e8f1eae,
        type: 3}
      propertyPath: m_Name
      value: InvisFloor
      objectReference: {fileID: 0}
    - target: {fileID: 8367056414951527946, guid: 692e3d8e249c18641b28e2d02e8f1eae,
        type: 3}
      propertyPath: m_LocalPosition.x
      value: 3
      objectReference: {fileID: 0}
    - target: {fileID: 8367056414951527946, guid: 692e3d8e249c18641b28e2d02e8f1eae,
        type: 3}
      propertyPath: m_LocalPosition.y
      value: 0
      objectReference: {fileID: 0}
    - target: {fileID: 8367056414951527946, guid: 692e3d8e249c18641b28e2d02e8f1eae,
        type: 3}
      propertyPath: m_LocalPosition.z
      value: 3
      objectReference: {fileID: 0}
    - target: {fileID: 8367056414951527946, guid: 692e3d8e249c18641b28e2d02e8f1eae,
        type: 3}
      propertyPath: m_LocalRotation.x
      value: -0
      objectReference: {fileID: 0}
    - target: {fileID: 8367056414951527946, guid: 692e3d8e249c18641b28e2d02e8f1eae,
        type: 3}
      propertyPath: m_LocalRotation.y
      value: -0
      objectReference: {fileID: 0}
    - target: {fileID: 8367056414951527946, guid: 692e3d8e249c18641b28e2d02e8f1eae,
        type: 3}
      propertyPath: m_LocalRotation.z
      value: -0
      objectReference: {fileID: 0}
    - target: {fileID: 8367056414951527946, guid: 692e3d8e249c18641b28e2d02e8f1eae,
        type: 3}
      propertyPath: m_LocalRotation.w
      value: 1
      objectReference: {fileID: 0}
    - target: {fileID: 8367056414951527946, guid: 692e3d8e249c18641b28e2d02e8f1eae,
        type: 3}
      propertyPath: m_RootOrder
      value: 8
      objectReference: {fileID: 0}
    - target: {fileID: 8367056414951527946, guid: 692e3d8e249c18641b28e2d02e8f1eae,
        type: 3}
      propertyPath: m_LocalEulerAnglesHint.x
      value: 0
      objectReference: {fileID: 0}
    - target: {fileID: 8367056414951527946, guid: 692e3d8e249c18641b28e2d02e8f1eae,
        type: 3}
      propertyPath: m_LocalEulerAnglesHint.y
      value: 0
      objectReference: {fileID: 0}
    - target: {fileID: 8367056414951527946, guid: 692e3d8e249c18641b28e2d02e8f1eae,
        type: 3}
      propertyPath: m_LocalEulerAnglesHint.z
      value: 0
      objectReference: {fileID: 0}
    - target: {fileID: 7828161934229396781, guid: 692e3d8e249c18641b28e2d02e8f1eae,
        type: 3}
      propertyPath: m_Enabled
      value: 0
      objectReference: {fileID: 0}
    m_RemovedComponents: []
  m_SourcePrefab: {fileID: 100100000, guid: 692e3d8e249c18641b28e2d02e8f1eae, type: 3}
--- !u!4 &4680332153395310736 stripped
Transform:
  m_CorrespondingSourceObject: {fileID: 8367056414951527946, guid: 692e3d8e249c18641b28e2d02e8f1eae,
    type: 3}
  m_PrefabInstance: {fileID: 3814021330817361562}
  m_PrefabAsset: {fileID: 0}
--- !u!1001 &4337791933606407033
PrefabInstance:
  m_ObjectHideFlags: 0
  serializedVersion: 2
  m_Modification:
    m_TransformParent: {fileID: 5211083362360865069}
    m_Modifications:
    - target: {fileID: 8367056414951527942, guid: 692e3d8e249c18641b28e2d02e8f1eae,
        type: 3}
      propertyPath: m_Name
      value: InvisFloor
      objectReference: {fileID: 0}
    - target: {fileID: 8367056414951527946, guid: 692e3d8e249c18641b28e2d02e8f1eae,
        type: 3}
      propertyPath: m_LocalPosition.x
      value: 0
      objectReference: {fileID: 0}
    - target: {fileID: 8367056414951527946, guid: 692e3d8e249c18641b28e2d02e8f1eae,
        type: 3}
      propertyPath: m_LocalPosition.y
      value: 0
      objectReference: {fileID: 0}
    - target: {fileID: 8367056414951527946, guid: 692e3d8e249c18641b28e2d02e8f1eae,
        type: 3}
      propertyPath: m_LocalPosition.z
      value: 3
      objectReference: {fileID: 0}
    - target: {fileID: 8367056414951527946, guid: 692e3d8e249c18641b28e2d02e8f1eae,
        type: 3}
      propertyPath: m_LocalRotation.x
      value: -0
      objectReference: {fileID: 0}
    - target: {fileID: 8367056414951527946, guid: 692e3d8e249c18641b28e2d02e8f1eae,
        type: 3}
      propertyPath: m_LocalRotation.y
      value: -0
      objectReference: {fileID: 0}
    - target: {fileID: 8367056414951527946, guid: 692e3d8e249c18641b28e2d02e8f1eae,
        type: 3}
      propertyPath: m_LocalRotation.z
      value: -0
      objectReference: {fileID: 0}
    - target: {fileID: 8367056414951527946, guid: 692e3d8e249c18641b28e2d02e8f1eae,
        type: 3}
      propertyPath: m_LocalRotation.w
      value: 1
      objectReference: {fileID: 0}
    - target: {fileID: 8367056414951527946, guid: 692e3d8e249c18641b28e2d02e8f1eae,
        type: 3}
      propertyPath: m_RootOrder
      value: 5
      objectReference: {fileID: 0}
    - target: {fileID: 8367056414951527946, guid: 692e3d8e249c18641b28e2d02e8f1eae,
        type: 3}
      propertyPath: m_LocalEulerAnglesHint.x
      value: 0
      objectReference: {fileID: 0}
    - target: {fileID: 8367056414951527946, guid: 692e3d8e249c18641b28e2d02e8f1eae,
        type: 3}
      propertyPath: m_LocalEulerAnglesHint.y
      value: 0
      objectReference: {fileID: 0}
    - target: {fileID: 8367056414951527946, guid: 692e3d8e249c18641b28e2d02e8f1eae,
        type: 3}
      propertyPath: m_LocalEulerAnglesHint.z
      value: 0
      objectReference: {fileID: 0}
    - target: {fileID: 7828161934229396781, guid: 692e3d8e249c18641b28e2d02e8f1eae,
        type: 3}
      propertyPath: m_Enabled
      value: 0
      objectReference: {fileID: 0}
    m_RemovedComponents: []
  m_SourcePrefab: {fileID: 100100000, guid: 692e3d8e249c18641b28e2d02e8f1eae, type: 3}
--- !u!4 &5201428585125838195 stripped
Transform:
  m_CorrespondingSourceObject: {fileID: 8367056414951527946, guid: 692e3d8e249c18641b28e2d02e8f1eae,
    type: 3}
  m_PrefabInstance: {fileID: 4337791933606407033}
  m_PrefabAsset: {fileID: 0}
--- !u!1001 &4412782268707778140
PrefabInstance:
  m_ObjectHideFlags: 0
  serializedVersion: 2
  m_Modification:
    m_TransformParent: {fileID: 5211083362360865069}
    m_Modifications:
    - target: {fileID: 8367056414951527942, guid: 692e3d8e249c18641b28e2d02e8f1eae,
        type: 3}
      propertyPath: m_Name
      value: InvisFloor
      objectReference: {fileID: 0}
    - target: {fileID: 8367056414951527946, guid: 692e3d8e249c18641b28e2d02e8f1eae,
        type: 3}
      propertyPath: m_LocalPosition.x
      value: -3
      objectReference: {fileID: 0}
    - target: {fileID: 8367056414951527946, guid: 692e3d8e249c18641b28e2d02e8f1eae,
        type: 3}
      propertyPath: m_LocalPosition.y
      value: 0
      objectReference: {fileID: 0}
    - target: {fileID: 8367056414951527946, guid: 692e3d8e249c18641b28e2d02e8f1eae,
        type: 3}
      propertyPath: m_LocalPosition.z
      value: 3
      objectReference: {fileID: 0}
    - target: {fileID: 8367056414951527946, guid: 692e3d8e249c18641b28e2d02e8f1eae,
        type: 3}
      propertyPath: m_LocalRotation.x
      value: -0
      objectReference: {fileID: 0}
    - target: {fileID: 8367056414951527946, guid: 692e3d8e249c18641b28e2d02e8f1eae,
        type: 3}
      propertyPath: m_LocalRotation.y
      value: -0
      objectReference: {fileID: 0}
    - target: {fileID: 8367056414951527946, guid: 692e3d8e249c18641b28e2d02e8f1eae,
        type: 3}
      propertyPath: m_LocalRotation.z
      value: -0
      objectReference: {fileID: 0}
    - target: {fileID: 8367056414951527946, guid: 692e3d8e249c18641b28e2d02e8f1eae,
        type: 3}
      propertyPath: m_LocalRotation.w
      value: 1
      objectReference: {fileID: 0}
    - target: {fileID: 8367056414951527946, guid: 692e3d8e249c18641b28e2d02e8f1eae,
        type: 3}
      propertyPath: m_RootOrder
      value: 2
      objectReference: {fileID: 0}
    - target: {fileID: 8367056414951527946, guid: 692e3d8e249c18641b28e2d02e8f1eae,
        type: 3}
      propertyPath: m_LocalEulerAnglesHint.x
      value: 0
      objectReference: {fileID: 0}
    - target: {fileID: 8367056414951527946, guid: 692e3d8e249c18641b28e2d02e8f1eae,
        type: 3}
      propertyPath: m_LocalEulerAnglesHint.y
      value: 0
      objectReference: {fileID: 0}
    - target: {fileID: 8367056414951527946, guid: 692e3d8e249c18641b28e2d02e8f1eae,
        type: 3}
      propertyPath: m_LocalEulerAnglesHint.z
      value: 0
      objectReference: {fileID: 0}
    - target: {fileID: 7828161934229396781, guid: 692e3d8e249c18641b28e2d02e8f1eae,
        type: 3}
      propertyPath: m_Enabled
      value: 0
      objectReference: {fileID: 0}
    m_RemovedComponents: []
  m_SourcePrefab: {fileID: 100100000, guid: 692e3d8e249c18641b28e2d02e8f1eae, type: 3}
--- !u!4 &5269382458518730838 stripped
Transform:
  m_CorrespondingSourceObject: {fileID: 8367056414951527946, guid: 692e3d8e249c18641b28e2d02e8f1eae,
    type: 3}
  m_PrefabInstance: {fileID: 4412782268707778140}
  m_PrefabAsset: {fileID: 0}
--- !u!1001 &6340271146422612838
PrefabInstance:
  m_ObjectHideFlags: 0
  serializedVersion: 2
  m_Modification:
    m_TransformParent: {fileID: 5211083362360865069}
    m_Modifications:
    - target: {fileID: 8367056414951527942, guid: 692e3d8e249c18641b28e2d02e8f1eae,
        type: 3}
      propertyPath: m_Name
      value: InvisFloor
      objectReference: {fileID: 0}
    - target: {fileID: 8367056414951527946, guid: 692e3d8e249c18641b28e2d02e8f1eae,
        type: 3}
      propertyPath: m_LocalPosition.x
      value: 3
      objectReference: {fileID: 0}
    - target: {fileID: 8367056414951527946, guid: 692e3d8e249c18641b28e2d02e8f1eae,
        type: 3}
      propertyPath: m_LocalPosition.y
      value: 0
      objectReference: {fileID: 0}
    - target: {fileID: 8367056414951527946, guid: 692e3d8e249c18641b28e2d02e8f1eae,
        type: 3}
      propertyPath: m_LocalPosition.z
      value: -3
      objectReference: {fileID: 0}
    - target: {fileID: 8367056414951527946, guid: 692e3d8e249c18641b28e2d02e8f1eae,
        type: 3}
      propertyPath: m_LocalRotation.x
      value: -0
      objectReference: {fileID: 0}
    - target: {fileID: 8367056414951527946, guid: 692e3d8e249c18641b28e2d02e8f1eae,
        type: 3}
      propertyPath: m_LocalRotation.y
      value: -0
      objectReference: {fileID: 0}
    - target: {fileID: 8367056414951527946, guid: 692e3d8e249c18641b28e2d02e8f1eae,
        type: 3}
      propertyPath: m_LocalRotation.z
      value: -0
      objectReference: {fileID: 0}
    - target: {fileID: 8367056414951527946, guid: 692e3d8e249c18641b28e2d02e8f1eae,
        type: 3}
      propertyPath: m_LocalRotation.w
      value: 1
      objectReference: {fileID: 0}
    - target: {fileID: 8367056414951527946, guid: 692e3d8e249c18641b28e2d02e8f1eae,
        type: 3}
      propertyPath: m_RootOrder
      value: 6
      objectReference: {fileID: 0}
    - target: {fileID: 8367056414951527946, guid: 692e3d8e249c18641b28e2d02e8f1eae,
        type: 3}
      propertyPath: m_LocalEulerAnglesHint.x
      value: 0
      objectReference: {fileID: 0}
    - target: {fileID: 8367056414951527946, guid: 692e3d8e249c18641b28e2d02e8f1eae,
        type: 3}
      propertyPath: m_LocalEulerAnglesHint.y
      value: 0
      objectReference: {fileID: 0}
    - target: {fileID: 8367056414951527946, guid: 692e3d8e249c18641b28e2d02e8f1eae,
        type: 3}
      propertyPath: m_LocalEulerAnglesHint.z
      value: 0
      objectReference: {fileID: 0}
    - target: {fileID: 7828161934229396781, guid: 692e3d8e249c18641b28e2d02e8f1eae,
        type: 3}
      propertyPath: m_Enabled
      value: 0
      objectReference: {fileID: 0}
    m_RemovedComponents: []
  m_SourcePrefab: {fileID: 100100000, guid: 692e3d8e249c18641b28e2d02e8f1eae, type: 3}
--- !u!4 &2585323993183249772 stripped
Transform:
  m_CorrespondingSourceObject: {fileID: 8367056414951527946, guid: 692e3d8e249c18641b28e2d02e8f1eae,
    type: 3}
  m_PrefabInstance: {fileID: 6340271146422612838}
  m_PrefabAsset: {fileID: 0}
--- !u!1001 &7150092291734442636
PrefabInstance:
  m_ObjectHideFlags: 0
  serializedVersion: 2
  m_Modification:
    m_TransformParent: {fileID: 5211083362360865069}
    m_Modifications:
    - target: {fileID: 8367056414951527942, guid: 692e3d8e249c18641b28e2d02e8f1eae,
        type: 3}
      propertyPath: m_Name
      value: InvisFloor
      objectReference: {fileID: 0}
    - target: {fileID: 8367056414951527946, guid: 692e3d8e249c18641b28e2d02e8f1eae,
        type: 3}
      propertyPath: m_LocalPosition.x
      value: -3
      objectReference: {fileID: 0}
    - target: {fileID: 8367056414951527946, guid: 692e3d8e249c18641b28e2d02e8f1eae,
        type: 3}
      propertyPath: m_LocalPosition.y
      value: 0
      objectReference: {fileID: 0}
    - target: {fileID: 8367056414951527946, guid: 692e3d8e249c18641b28e2d02e8f1eae,
        type: 3}
      propertyPath: m_LocalPosition.z
      value: -3
      objectReference: {fileID: 0}
    - target: {fileID: 8367056414951527946, guid: 692e3d8e249c18641b28e2d02e8f1eae,
        type: 3}
      propertyPath: m_LocalRotation.x
      value: -0
      objectReference: {fileID: 0}
    - target: {fileID: 8367056414951527946, guid: 692e3d8e249c18641b28e2d02e8f1eae,
        type: 3}
      propertyPath: m_LocalRotation.y
      value: -0
      objectReference: {fileID: 0}
    - target: {fileID: 8367056414951527946, guid: 692e3d8e249c18641b28e2d02e8f1eae,
        type: 3}
      propertyPath: m_LocalRotation.z
      value: -0
      objectReference: {fileID: 0}
    - target: {fileID: 8367056414951527946, guid: 692e3d8e249c18641b28e2d02e8f1eae,
        type: 3}
      propertyPath: m_LocalRotation.w
      value: 1
      objectReference: {fileID: 0}
    - target: {fileID: 8367056414951527946, guid: 692e3d8e249c18641b28e2d02e8f1eae,
        type: 3}
      propertyPath: m_RootOrder
      value: 0
      objectReference: {fileID: 0}
    - target: {fileID: 8367056414951527946, guid: 692e3d8e249c18641b28e2d02e8f1eae,
        type: 3}
      propertyPath: m_LocalEulerAnglesHint.x
      value: 0
      objectReference: {fileID: 0}
    - target: {fileID: 8367056414951527946, guid: 692e3d8e249c18641b28e2d02e8f1eae,
        type: 3}
      propertyPath: m_LocalEulerAnglesHint.y
      value: 0
      objectReference: {fileID: 0}
    - target: {fileID: 8367056414951527946, guid: 692e3d8e249c18641b28e2d02e8f1eae,
        type: 3}
      propertyPath: m_LocalEulerAnglesHint.z
      value: 0
      objectReference: {fileID: 0}
    - target: {fileID: 7828161934229396781, guid: 692e3d8e249c18641b28e2d02e8f1eae,
        type: 3}
      propertyPath: m_Enabled
      value: 0
      objectReference: {fileID: 0}
    m_RemovedComponents: []
  m_SourcePrefab: {fileID: 100100000, guid: 692e3d8e249c18641b28e2d02e8f1eae, type: 3}
--- !u!4 &1668577567059330182 stripped
Transform:
  m_CorrespondingSourceObject: {fileID: 8367056414951527946, guid: 692e3d8e249c18641b28e2d02e8f1eae,
    type: 3}
  m_PrefabInstance: {fileID: 7150092291734442636}
  m_PrefabAsset: {fileID: 0}
--- !u!1001 &7882984480406943360
PrefabInstance:
  m_ObjectHideFlags: 0
  serializedVersion: 2
  m_Modification:
    m_TransformParent: {fileID: 5211083362360865069}
    m_Modifications:
    - target: {fileID: 8367056414951527942, guid: 692e3d8e249c18641b28e2d02e8f1eae,
        type: 3}
      propertyPath: m_Name
      value: InvisFloor
      objectReference: {fileID: 0}
    - target: {fileID: 8367056414951527946, guid: 692e3d8e249c18641b28e2d02e8f1eae,
        type: 3}
      propertyPath: m_LocalPosition.x
      value: 0
      objectReference: {fileID: 0}
    - target: {fileID: 8367056414951527946, guid: 692e3d8e249c18641b28e2d02e8f1eae,
        type: 3}
      propertyPath: m_LocalPosition.y
      value: 0
      objectReference: {fileID: 0}
    - target: {fileID: 8367056414951527946, guid: 692e3d8e249c18641b28e2d02e8f1eae,
        type: 3}
      propertyPath: m_LocalPosition.z
      value: -3
      objectReference: {fileID: 0}
    - target: {fileID: 8367056414951527946, guid: 692e3d8e249c18641b28e2d02e8f1eae,
        type: 3}
      propertyPath: m_LocalRotation.x
      value: -0
      objectReference: {fileID: 0}
    - target: {fileID: 8367056414951527946, guid: 692e3d8e249c18641b28e2d02e8f1eae,
        type: 3}
      propertyPath: m_LocalRotation.y
      value: -0
      objectReference: {fileID: 0}
    - target: {fileID: 8367056414951527946, guid: 692e3d8e249c18641b28e2d02e8f1eae,
        type: 3}
      propertyPath: m_LocalRotation.z
      value: -0
      objectReference: {fileID: 0}
    - target: {fileID: 8367056414951527946, guid: 692e3d8e249c18641b28e2d02e8f1eae,
        type: 3}
      propertyPath: m_LocalRotation.w
      value: 1
      objectReference: {fileID: 0}
    - target: {fileID: 8367056414951527946, guid: 692e3d8e249c18641b28e2d02e8f1eae,
        type: 3}
      propertyPath: m_RootOrder
      value: 3
      objectReference: {fileID: 0}
    - target: {fileID: 8367056414951527946, guid: 692e3d8e249c18641b28e2d02e8f1eae,
        type: 3}
      propertyPath: m_LocalEulerAnglesHint.x
      value: 0
      objectReference: {fileID: 0}
    - target: {fileID: 8367056414951527946, guid: 692e3d8e249c18641b28e2d02e8f1eae,
        type: 3}
      propertyPath: m_LocalEulerAnglesHint.y
      value: 0
      objectReference: {fileID: 0}
    - target: {fileID: 8367056414951527946, guid: 692e3d8e249c18641b28e2d02e8f1eae,
        type: 3}
      propertyPath: m_LocalEulerAnglesHint.z
      value: 0
      objectReference: {fileID: 0}
    - target: {fileID: 7828161934229396781, guid: 692e3d8e249c18641b28e2d02e8f1eae,
        type: 3}
      propertyPath: m_Enabled
      value: 0
      objectReference: {fileID: 0}
    m_RemovedComponents: []
  m_SourcePrefab: {fileID: 100100000, guid: 692e3d8e249c18641b28e2d02e8f1eae, type: 3}
--- !u!4 &1835284901512110218 stripped
Transform:
  m_CorrespondingSourceObject: {fileID: 8367056414951527946, guid: 692e3d8e249c18641b28e2d02e8f1eae,
    type: 3}
  m_PrefabInstance: {fileID: 7882984480406943360}
  m_PrefabAsset: {fileID: 0}
--- !u!1001 &8308529955582392595
PrefabInstance:
  m_ObjectHideFlags: 0
  serializedVersion: 2
  m_Modification:
    m_TransformParent: {fileID: 5211083362360865069}
    m_Modifications:
    - target: {fileID: 8367056414951527942, guid: 692e3d8e249c18641b28e2d02e8f1eae,
        type: 3}
      propertyPath: m_Name
      value: InvisFloor
      objectReference: {fileID: 0}
    - target: {fileID: 8367056414951527946, guid: 692e3d8e249c18641b28e2d02e8f1eae,
        type: 3}
      propertyPath: m_LocalPosition.x
      value: -3
      objectReference: {fileID: 0}
    - target: {fileID: 8367056414951527946, guid: 692e3d8e249c18641b28e2d02e8f1eae,
        type: 3}
      propertyPath: m_LocalPosition.y
      value: 0
      objectReference: {fileID: 0}
    - target: {fileID: 8367056414951527946, guid: 692e3d8e249c18641b28e2d02e8f1eae,
        type: 3}
      propertyPath: m_LocalPosition.z
      value: 0
      objectReference: {fileID: 0}
    - target: {fileID: 8367056414951527946, guid: 692e3d8e249c18641b28e2d02e8f1eae,
        type: 3}
      propertyPath: m_LocalRotation.x
      value: -0
      objectReference: {fileID: 0}
    - target: {fileID: 8367056414951527946, guid: 692e3d8e249c18641b28e2d02e8f1eae,
        type: 3}
      propertyPath: m_LocalRotation.y
      value: -0
      objectReference: {fileID: 0}
    - target: {fileID: 8367056414951527946, guid: 692e3d8e249c18641b28e2d02e8f1eae,
        type: 3}
      propertyPath: m_LocalRotation.z
      value: -0
      objectReference: {fileID: 0}
    - target: {fileID: 8367056414951527946, guid: 692e3d8e249c18641b28e2d02e8f1eae,
        type: 3}
      propertyPath: m_LocalRotation.w
      value: 1
      objectReference: {fileID: 0}
    - target: {fileID: 8367056414951527946, guid: 692e3d8e249c18641b28e2d02e8f1eae,
        type: 3}
      propertyPath: m_RootOrder
      value: 1
      objectReference: {fileID: 0}
    - target: {fileID: 8367056414951527946, guid: 692e3d8e249c18641b28e2d02e8f1eae,
        type: 3}
      propertyPath: m_LocalEulerAnglesHint.x
      value: 0
      objectReference: {fileID: 0}
    - target: {fileID: 8367056414951527946, guid: 692e3d8e249c18641b28e2d02e8f1eae,
        type: 3}
      propertyPath: m_LocalEulerAnglesHint.y
      value: 0
      objectReference: {fileID: 0}
    - target: {fileID: 8367056414951527946, guid: 692e3d8e249c18641b28e2d02e8f1eae,
        type: 3}
      propertyPath: m_LocalEulerAnglesHint.z
      value: 0
      objectReference: {fileID: 0}
    - target: {fileID: 7828161934229396781, guid: 692e3d8e249c18641b28e2d02e8f1eae,
        type: 3}
      propertyPath: m_Enabled
      value: 0
      objectReference: {fileID: 0}
    m_RemovedComponents: []
  m_SourcePrefab: {fileID: 100100000, guid: 692e3d8e249c18641b28e2d02e8f1eae, type: 3}
--- !u!4 &526941514362318617 stripped
Transform:
  m_CorrespondingSourceObject: {fileID: 8367056414951527946, guid: 692e3d8e249c18641b28e2d02e8f1eae,
    type: 3}
  m_PrefabInstance: {fileID: 8308529955582392595}
  m_PrefabAsset: {fileID: 0}
