%YAML 1.1
%TAG !u! tag:unity3d.com,2011:
--- !u!1 &6985606035145128430
GameObject:
  m_ObjectHideFlags: 0
  m_CorrespondingSourceObject: {fileID: 0}
  m_PrefabInstance: {fileID: 0}
  m_PrefabAsset: {fileID: 0}
  serializedVersion: 6
  m_Component:
  - component: {fileID: 5163566448291156711}
  m_Layer: 0
  m_Name: 8x8 End Floor
  m_TagString: Untagged
  m_Icon: {fileID: 0}
  m_NavMeshLayer: 0
  m_StaticEditorFlags: 0
  m_IsActive: 1
--- !u!4 &5163566448291156711
Transform:
  m_ObjectHideFlags: 0
  m_CorrespondingSourceObject: {fileID: 0}
  m_PrefabInstance: {fileID: 0}
  m_PrefabAsset: {fileID: 0}
  m_GameObject: {fileID: 6985606035145128430}
  m_LocalRotation: {x: 0, y: 0, z: 0, w: 1}
  m_LocalPosition: {x: -14.0367365, y: 0.065282345, z: -26.668055}
  m_LocalScale: {x: 1, y: 1, z: 1}
  m_Children:
  - {fileID: 6197316623189294645}
  - {fileID: 6779863065824890476}
  - {fileID: 1855286427871084334}
  - {fileID: 8064549656850323386}
  m_Father: {fileID: 0}
  m_RootOrder: 0
  m_LocalEulerAnglesHint: {x: 0, y: 0, z: 0}
--- !u!1001 &1179400793637812735
PrefabInstance:
  m_ObjectHideFlags: 0
  serializedVersion: 2
  m_Modification:
    m_TransformParent: {fileID: 5163566448291156711}
    m_Modifications:
    - target: {fileID: 2645744108144495835, guid: 546fc2c02ddd0ff489afc8a603d50d21,
        type: 3}
      propertyPath: m_Name
      value: 4x4 End Floor
      objectReference: {fileID: 0}
    - target: {fileID: 5641034838876157843, guid: 546fc2c02ddd0ff489afc8a603d50d21,
        type: 3}
      propertyPath: m_LocalPosition.x
      value: 12
      objectReference: {fileID: 0}
    - target: {fileID: 5641034838876157843, guid: 546fc2c02ddd0ff489afc8a603d50d21,
        type: 3}
      propertyPath: m_LocalPosition.y
      value: 0
      objectReference: {fileID: 0}
    - target: {fileID: 5641034838876157843, guid: 546fc2c02ddd0ff489afc8a603d50d21,
        type: 3}
      propertyPath: m_LocalPosition.z
      value: 12
      objectReference: {fileID: 0}
    - target: {fileID: 5641034838876157843, guid: 546fc2c02ddd0ff489afc8a603d50d21,
        type: 3}
      propertyPath: m_LocalRotation.x
      value: -0
      objectReference: {fileID: 0}
    - target: {fileID: 5641034838876157843, guid: 546fc2c02ddd0ff489afc8a603d50d21,
        type: 3}
      propertyPath: m_LocalRotation.y
      value: -0
      objectReference: {fileID: 0}
    - target: {fileID: 5641034838876157843, guid: 546fc2c02ddd0ff489afc8a603d50d21,
        type: 3}
      propertyPath: m_LocalRotation.z
      value: -0
      objectReference: {fileID: 0}
    - target: {fileID: 5641034838876157843, guid: 546fc2c02ddd0ff489afc8a603d50d21,
        type: 3}
      propertyPath: m_LocalRotation.w
      value: 1
      objectReference: {fileID: 0}
    - target: {fileID: 5641034838876157843, guid: 546fc2c02ddd0ff489afc8a603d50d21,
        type: 3}
      propertyPath: m_RootOrder
      value: 1
      objectReference: {fileID: 0}
    - target: {fileID: 5641034838876157843, guid: 546fc2c02ddd0ff489afc8a603d50d21,
        type: 3}
      propertyPath: m_LocalEulerAnglesHint.x
      value: 0
      objectReference: {fileID: 0}
    - target: {fileID: 5641034838876157843, guid: 546fc2c02ddd0ff489afc8a603d50d21,
        type: 3}
      propertyPath: m_LocalEulerAnglesHint.y
      value: 0
      objectReference: {fileID: 0}
    - target: {fileID: 5641034838876157843, guid: 546fc2c02ddd0ff489afc8a603d50d21,
        type: 3}
      propertyPath: m_LocalEulerAnglesHint.z
      value: 0
      objectReference: {fileID: 0}
    m_RemovedComponents: []
  m_SourcePrefab: {fileID: 100100000, guid: 546fc2c02ddd0ff489afc8a603d50d21, type: 3}
--- !u!4 &6779863065824890476 stripped
Transform:
  m_CorrespondingSourceObject: {fileID: 5641034838876157843, guid: 546fc2c02ddd0ff489afc8a603d50d21,
    type: 3}
  m_PrefabInstance: {fileID: 1179400793637812735}
  m_PrefabAsset: {fileID: 0}
--- !u!1001 &1750125566591420838
PrefabInstance:
  m_ObjectHideFlags: 0
  serializedVersion: 2
  m_Modification:
    m_TransformParent: {fileID: 5163566448291156711}
    m_Modifications:
    - target: {fileID: 2645744108144495835, guid: 546fc2c02ddd0ff489afc8a603d50d21,
        type: 3}
      propertyPath: m_Name
      value: 4x4 End Floor
      objectReference: {fileID: 0}
    - target: {fileID: 5641034838876157843, guid: 546fc2c02ddd0ff489afc8a603d50d21,
        type: 3}
      propertyPath: m_LocalPosition.x
      value: 0
      objectReference: {fileID: 0}
    - target: {fileID: 5641034838876157843, guid: 546fc2c02ddd0ff489afc8a603d50d21,
        type: 3}
      propertyPath: m_LocalPosition.y
      value: 0
      objectReference: {fileID: 0}
    - target: {fileID: 5641034838876157843, guid: 546fc2c02ddd0ff489afc8a603d50d21,
        type: 3}
      propertyPath: m_LocalPosition.z
      value: 0
      objectReference: {fileID: 0}
    - target: {fileID: 5641034838876157843, guid: 546fc2c02ddd0ff489afc8a603d50d21,
        type: 3}
      propertyPath: m_LocalRotation.x
      value: -0
      objectReference: {fileID: 0}
    - target: {fileID: 5641034838876157843, guid: 546fc2c02ddd0ff489afc8a603d50d21,
        type: 3}
      propertyPath: m_LocalRotation.y
      value: -0
      objectReference: {fileID: 0}
    - target: {fileID: 5641034838876157843, guid: 546fc2c02ddd0ff489afc8a603d50d21,
        type: 3}
      propertyPath: m_LocalRotation.z
      value: -0
      objectReference: {fileID: 0}
    - target: {fileID: 5641034838876157843, guid: 546fc2c02ddd0ff489afc8a603d50d21,
        type: 3}
      propertyPath: m_LocalRotation.w
      value: 1
      objectReference: {fileID: 0}
    - target: {fileID: 5641034838876157843, guid: 546fc2c02ddd0ff489afc8a603d50d21,
        type: 3}
      propertyPath: m_RootOrder
      value: 0
      objectReference: {fileID: 0}
    - target: {fileID: 5641034838876157843, guid: 546fc2c02ddd0ff489afc8a603d50d21,
        type: 3}
      propertyPath: m_LocalEulerAnglesHint.x
      value: 0
      objectReference: {fileID: 0}
    - target: {fileID: 5641034838876157843, guid: 546fc2c02ddd0ff489afc8a603d50d21,
        type: 3}
      propertyPath: m_LocalEulerAnglesHint.y
      value: 0
      objectReference: {fileID: 0}
    - target: {fileID: 5641034838876157843, guid: 546fc2c02ddd0ff489afc8a603d50d21,
        type: 3}
      propertyPath: m_LocalEulerAnglesHint.z
      value: 0
      objectReference: {fileID: 0}
    m_RemovedComponents: []
  m_SourcePrefab: {fileID: 100100000, guid: 546fc2c02ddd0ff489afc8a603d50d21, type: 3}
--- !u!4 &6197316623189294645 stripped
Transform:
  m_CorrespondingSourceObject: {fileID: 5641034838876157843, guid: 546fc2c02ddd0ff489afc8a603d50d21,
    type: 3}
  m_PrefabInstance: {fileID: 1750125566591420838}
  m_PrefabAsset: {fileID: 0}
--- !u!1001 &2424047531653537833
PrefabInstance:
  m_ObjectHideFlags: 0
  serializedVersion: 2
  m_Modification:
    m_TransformParent: {fileID: 5163566448291156711}
    m_Modifications:
    - target: {fileID: 2645744108144495835, guid: 546fc2c02ddd0ff489afc8a603d50d21,
        type: 3}
      propertyPath: m_Name
      value: 4x4 End Floor
      objectReference: {fileID: 0}
    - target: {fileID: 5641034838876157843, guid: 546fc2c02ddd0ff489afc8a603d50d21,
        type: 3}
      propertyPath: m_LocalPosition.x
      value: 0
      objectReference: {fileID: 0}
    - target: {fileID: 5641034838876157843, guid: 546fc2c02ddd0ff489afc8a603d50d21,
        type: 3}
      propertyPath: m_LocalPosition.y
      value: 0
      objectReference: {fileID: 0}
    - target: {fileID: 5641034838876157843, guid: 546fc2c02ddd0ff489afc8a603d50d21,
        type: 3}
      propertyPath: m_LocalPosition.z
      value: 12
      objectReference: {fileID: 0}
    - target: {fileID: 5641034838876157843, guid: 546fc2c02ddd0ff489afc8a603d50d21,
        type: 3}
      propertyPath: m_LocalRotation.x
      value: -0
      objectReference: {fileID: 0}
    - target: {fileID: 5641034838876157843, guid: 546fc2c02ddd0ff489afc8a603d50d21,
        type: 3}
      propertyPath: m_LocalRotation.y
      value: -0
      objectReference: {fileID: 0}
    - target: {fileID: 5641034838876157843, guid: 546fc2c02ddd0ff489afc8a603d50d21,
        type: 3}
      propertyPath: m_LocalRotation.z
      value: -0
      objectReference: {fileID: 0}
    - target: {fileID: 5641034838876157843, guid: 546fc2c02ddd0ff489afc8a603d50d21,
        type: 3}
      propertyPath: m_LocalRotation.w
      value: 1
      objectReference: {fileID: 0}
    - target: {fileID: 5641034838876157843, guid: 546fc2c02ddd0ff489afc8a603d50d21,
        type: 3}
      propertyPath: m_RootOrder
      value: 3
      objectReference: {fileID: 0}
    - target: {fileID: 5641034838876157843, guid: 546fc2c02ddd0ff489afc8a603d50d21,
        type: 3}
      propertyPath: m_LocalEulerAnglesHint.x
      value: 0
      objectReference: {fileID: 0}
    - target: {fileID: 5641034838876157843, guid: 546fc2c02ddd0ff489afc8a603d50d21,
        type: 3}
      propertyPath: m_LocalEulerAnglesHint.y
      value: 0
      objectReference: {fileID: 0}
    - target: {fileID: 5641034838876157843, guid: 546fc2c02ddd0ff489afc8a603d50d21,
        type: 3}
      propertyPath: m_LocalEulerAnglesHint.z
      value: 0
      objectReference: {fileID: 0}
    m_RemovedComponents: []
  m_SourcePrefab: {fileID: 100100000, guid: 546fc2c02ddd0ff489afc8a603d50d21, type: 3}
--- !u!4 &8064549656850323386 stripped
Transform:
  m_CorrespondingSourceObject: {fileID: 5641034838876157843, guid: 546fc2c02ddd0ff489afc8a603d50d21,
    type: 3}
  m_PrefabInstance: {fileID: 2424047531653537833}
  m_PrefabAsset: {fileID: 0}
--- !u!1001 &6338735529366587581
PrefabInstance:
  m_ObjectHideFlags: 0
  serializedVersion: 2
  m_Modification:
    m_TransformParent: {fileID: 5163566448291156711}
    m_Modifications:
    - target: {fileID: 2645744108144495835, guid: 546fc2c02ddd0ff489afc8a603d50d21,
        type: 3}
      propertyPath: m_Name
      value: 4x4 End Floor
      objectReference: {fileID: 0}
    - target: {fileID: 5641034838876157843, guid: 546fc2c02ddd0ff489afc8a603d50d21,
        type: 3}
      propertyPath: m_LocalPosition.x
      value: 12
      objectReference: {fileID: 0}
    - target: {fileID: 5641034838876157843, guid: 546fc2c02ddd0ff489afc8a603d50d21,
        type: 3}
      propertyPath: m_LocalPosition.y
      value: 0
      objectReference: {fileID: 0}
    - target: {fileID: 5641034838876157843, guid: 546fc2c02ddd0ff489afc8a603d50d21,
        type: 3}
      propertyPath: m_LocalPosition.z
      value: 0
      objectReference: {fileID: 0}
    - target: {fileID: 5641034838876157843, guid: 546fc2c02ddd0ff489afc8a603d50d21,
        type: 3}
      propertyPath: m_LocalRotation.x
      value: -0
      objectReference: {fileID: 0}
    - target: {fileID: 5641034838876157843, guid: 546fc2c02ddd0ff489afc8a603d50d21,
        type: 3}
      propertyPath: m_LocalRotation.y
      value: -0
      objectReference: {fileID: 0}
    - target: {fileID: 5641034838876157843, guid: 546fc2c02ddd0ff489afc8a603d50d21,
        type: 3}
      propertyPath: m_LocalRotation.z
      value: -0
      objectReference: {fileID: 0}
    - target: {fileID: 5641034838876157843, guid: 546fc2c02ddd0ff489afc8a603d50d21,
        type: 3}
      propertyPath: m_LocalRotation.w
      value: 1
      objectReference: {fileID: 0}
    - target: {fileID: 5641034838876157843, guid: 546fc2c02ddd0ff489afc8a603d50d21,
        type: 3}
      propertyPath: m_RootOrder
      value: 2
      objectReference: {fileID: 0}
    - target: {fileID: 5641034838876157843, guid: 546fc2c02ddd0ff489afc8a603d50d21,
        type: 3}
      propertyPath: m_LocalEulerAnglesHint.x
      value: 0
      objectReference: {fileID: 0}
    - target: {fileID: 5641034838876157843, guid: 546fc2c02ddd0ff489afc8a603d50d21,
        type: 3}
      propertyPath: m_LocalEulerAnglesHint.y
      value: 0
      objectReference: {fileID: 0}
    - target: {fileID: 5641034838876157843, guid: 546fc2c02ddd0ff489afc8a603d50d21,
        type: 3}
      propertyPath: m_LocalEulerAnglesHint.z
      value: 0
      objectReference: {fileID: 0}
    m_RemovedComponents: []
  m_SourcePrefab: {fileID: 100100000, guid: 546fc2c02ddd0ff489afc8a603d50d21, type: 3}
--- !u!4 &1855286427871084334 stripped
Transform:
  m_CorrespondingSourceObject: {fileID: 5641034838876157843, guid: 546fc2c02ddd0ff489afc8a603d50d21,
    type: 3}
  m_PrefabInstance: {fileID: 6338735529366587581}
  m_PrefabAsset: {fileID: 0}
