%YAML 1.1
%TAG !u! tag:unity3d.com,2011:
--- !u!1 &7944744867964921984
GameObject:
  m_ObjectHideFlags: 0
  m_CorrespondingSourceObject: {fileID: 0}
  m_PrefabInstance: {fileID: 0}
  m_PrefabAsset: {fileID: 0}
  serializedVersion: 6
  m_Component:
  - component: {fileID: 6766533749589004363}
  m_Layer: 0
  m_Name: InvisibleWall
  m_TagString: Untagged
  m_Icon: {fileID: 0}
  m_NavMeshLayer: 0
  m_StaticEditorFlags: 0
  m_IsActive: 1
--- !u!4 &6766533749589004363
Transform:
  m_ObjectHideFlags: 0
  m_CorrespondingSourceObject: {fileID: 0}
  m_PrefabInstance: {fileID: 0}
  m_PrefabAsset: {fileID: 0}
  m_GameObject: {fileID: 7944744867964921984}
  m_LocalRotation: {x: -0, y: -0.0000014305114, z: -0, w: 1}
  m_LocalPosition: {x: 100, y: -7.5, z: -0.5}
  m_LocalScale: {x: 1, y: 1, z: 1}
  m_Children:
  - {fileID: 4539073260554537396}
  - {fileID: 2940557954104119480}
  - {fileID: 6741391895738857656}
  - {fileID: 158154815815167154}
  - {fileID: 6076657686875178009}
  - {fileID: 1897607232427346390}
  m_Father: {fileID: 0}
  m_RootOrder: 0
  m_LocalEulerAnglesHint: {x: 0, y: 90.00001, z: 0}
--- !u!1001 &749400435522155998
PrefabInstance:
  m_ObjectHideFlags: 0
  serializedVersion: 2
  m_Modification:
    m_TransformParent: {fileID: 6766533749589004363}
    m_Modifications:
    - target: {fileID: 4548416285556944926, guid: 7ba64c0944716c24f911914e2e6af7a4,
        type: 3}
      propertyPath: m_Name
      value: Wall_4m
      objectReference: {fileID: 0}
    - target: {fileID: 2497406903890568550, guid: 7ba64c0944716c24f911914e2e6af7a4,
        type: 3}
      propertyPath: m_LocalPosition.x
      value: 0
      objectReference: {fileID: 0}
    - target: {fileID: 2497406903890568550, guid: 7ba64c0944716c24f911914e2e6af7a4,
        type: 3}
      propertyPath: m_LocalPosition.y
      value: 4
      objectReference: {fileID: 0}
    - target: {fileID: 2497406903890568550, guid: 7ba64c0944716c24f911914e2e6af7a4,
        type: 3}
      propertyPath: m_LocalPosition.z
      value: 0
      objectReference: {fileID: 0}
    - target: {fileID: 2497406903890568550, guid: 7ba64c0944716c24f911914e2e6af7a4,
        type: 3}
      propertyPath: m_LocalRotation.x
      value: -0
      objectReference: {fileID: 0}
    - target: {fileID: 2497406903890568550, guid: 7ba64c0944716c24f911914e2e6af7a4,
        type: 3}
      propertyPath: m_LocalRotation.y
      value: -0
      objectReference: {fileID: 0}
    - target: {fileID: 2497406903890568550, guid: 7ba64c0944716c24f911914e2e6af7a4,
        type: 3}
      propertyPath: m_LocalRotation.z
      value: -0
      objectReference: {fileID: 0}
    - target: {fileID: 2497406903890568550, guid: 7ba64c0944716c24f911914e2e6af7a4,
        type: 3}
      propertyPath: m_LocalRotation.w
      value: 1
      objectReference: {fileID: 0}
    - target: {fileID: 2497406903890568550, guid: 7ba64c0944716c24f911914e2e6af7a4,
        type: 3}
      propertyPath: m_RootOrder
      value: 1
      objectReference: {fileID: 0}
    - target: {fileID: 2497406903890568550, guid: 7ba64c0944716c24f911914e2e6af7a4,
        type: 3}
      propertyPath: m_LocalEulerAnglesHint.x
      value: 0
      objectReference: {fileID: 0}
    - target: {fileID: 2497406903890568550, guid: 7ba64c0944716c24f911914e2e6af7a4,
        type: 3}
      propertyPath: m_LocalEulerAnglesHint.y
      value: 0
      objectReference: {fileID: 0}
    - target: {fileID: 2497406903890568550, guid: 7ba64c0944716c24f911914e2e6af7a4,
        type: 3}
      propertyPath: m_LocalEulerAnglesHint.z
      value: 0
      objectReference: {fileID: 0}
    - target: {fileID: 8834459052261777532, guid: 7ba64c0944716c24f911914e2e6af7a4,
        type: 3}
      propertyPath: m_Materials.Array.data[1]
      value: 
      objectReference: {fileID: 2100000, guid: 0ca7e5cb4d922764593c2dfc72fb2a44, type: 2}
    - target: {fileID: 8834459052261777532, guid: 7ba64c0944716c24f911914e2e6af7a4,
        type: 3}
      propertyPath: m_Materials.Array.data[0]
      value: 
      objectReference: {fileID: 2100000, guid: 0ca7e5cb4d922764593c2dfc72fb2a44, type: 2}
    m_RemovedComponents: []
  m_SourcePrefab: {fileID: 100100000, guid: 7ba64c0944716c24f911914e2e6af7a4, type: 3}
--- !u!4 &2940557954104119480 stripped
Transform:
  m_CorrespondingSourceObject: {fileID: 2497406903890568550, guid: 7ba64c0944716c24f911914e2e6af7a4,
    type: 3}
  m_PrefabInstance: {fileID: 749400435522155998}
  m_PrefabAsset: {fileID: 0}
--- !u!1001 &2041983635763145938
PrefabInstance:
  m_ObjectHideFlags: 0
  serializedVersion: 2
  m_Modification:
    m_TransformParent: {fileID: 6766533749589004363}
    m_Modifications:
    - target: {fileID: 4548416285556944926, guid: 7ba64c0944716c24f911914e2e6af7a4,
        type: 3}
      propertyPath: m_Name
      value: Wall_4m
      objectReference: {fileID: 0}
    - target: {fileID: 2497406903890568550, guid: 7ba64c0944716c24f911914e2e6af7a4,
        type: 3}
      propertyPath: m_LocalPosition.x
      value: 0
      objectReference: {fileID: 0}
    - target: {fileID: 2497406903890568550, guid: 7ba64c0944716c24f911914e2e6af7a4,
        type: 3}
      propertyPath: m_LocalPosition.y
      value: 0
      objectReference: {fileID: 0}
    - target: {fileID: 2497406903890568550, guid: 7ba64c0944716c24f911914e2e6af7a4,
        type: 3}
      propertyPath: m_LocalPosition.z
      value: 0
      objectReference: {fileID: 0}
    - target: {fileID: 2497406903890568550, guid: 7ba64c0944716c24f911914e2e6af7a4,
        type: 3}
      propertyPath: m_LocalRotation.x
      value: -0
      objectReference: {fileID: 0}
    - target: {fileID: 2497406903890568550, guid: 7ba64c0944716c24f911914e2e6af7a4,
        type: 3}
      propertyPath: m_LocalRotation.y
      value: -0
      objectReference: {fileID: 0}
    - target: {fileID: 2497406903890568550, guid: 7ba64c0944716c24f911914e2e6af7a4,
        type: 3}
      propertyPath: m_LocalRotation.z
      value: -0
      objectReference: {fileID: 0}
    - target: {fileID: 2497406903890568550, guid: 7ba64c0944716c24f911914e2e6af7a4,
        type: 3}
      propertyPath: m_LocalRotation.w
      value: 1
      objectReference: {fileID: 0}
    - target: {fileID: 2497406903890568550, guid: 7ba64c0944716c24f911914e2e6af7a4,
        type: 3}
      propertyPath: m_RootOrder
      value: 0
      objectReference: {fileID: 0}
    - target: {fileID: 2497406903890568550, guid: 7ba64c0944716c24f911914e2e6af7a4,
        type: 3}
      propertyPath: m_LocalEulerAnglesHint.x
      value: 0
      objectReference: {fileID: 0}
    - target: {fileID: 2497406903890568550, guid: 7ba64c0944716c24f911914e2e6af7a4,
        type: 3}
      propertyPath: m_LocalEulerAnglesHint.y
      value: 0
      objectReference: {fileID: 0}
    - target: {fileID: 2497406903890568550, guid: 7ba64c0944716c24f911914e2e6af7a4,
        type: 3}
      propertyPath: m_LocalEulerAnglesHint.z
      value: 0
      objectReference: {fileID: 0}
    - target: {fileID: 8834459052261777532, guid: 7ba64c0944716c24f911914e2e6af7a4,
        type: 3}
      propertyPath: m_Materials.Array.data[0]
      value: 
      objectReference: {fileID: 2100000, guid: 0ca7e5cb4d922764593c2dfc72fb2a44, type: 2}
    - target: {fileID: 8834459052261777532, guid: 7ba64c0944716c24f911914e2e6af7a4,
        type: 3}
      propertyPath: m_Materials.Array.data[1]
      value: 
      objectReference: {fileID: 2100000, guid: 0ca7e5cb4d922764593c2dfc72fb2a44, type: 2}
    m_RemovedComponents: []
  m_SourcePrefab: {fileID: 100100000, guid: 7ba64c0944716c24f911914e2e6af7a4, type: 3}
--- !u!4 &4539073260554537396 stripped
Transform:
  m_CorrespondingSourceObject: {fileID: 2497406903890568550, guid: 7ba64c0944716c24f911914e2e6af7a4,
    type: 3}
  m_PrefabInstance: {fileID: 2041983635763145938}
  m_PrefabAsset: {fileID: 0}
--- !u!1001 &2349034778578078164
PrefabInstance:
  m_ObjectHideFlags: 0
  serializedVersion: 2
  m_Modification:
    m_TransformParent: {fileID: 6766533749589004363}
    m_Modifications:
    - target: {fileID: 4548416285556944926, guid: 7ba64c0944716c24f911914e2e6af7a4,
        type: 3}
      propertyPath: m_Name
      value: Wall_4m
      objectReference: {fileID: 0}
    - target: {fileID: 2497406903890568550, guid: 7ba64c0944716c24f911914e2e6af7a4,
        type: 3}
      propertyPath: m_LocalPosition.x
      value: 0
      objectReference: {fileID: 0}
    - target: {fileID: 2497406903890568550, guid: 7ba64c0944716c24f911914e2e6af7a4,
        type: 3}
      propertyPath: m_LocalPosition.y
      value: 0
      objectReference: {fileID: 0}
    - target: {fileID: 2497406903890568550, guid: 7ba64c0944716c24f911914e2e6af7a4,
        type: 3}
      propertyPath: m_LocalPosition.z
      value: 3
      objectReference: {fileID: 0}
    - target: {fileID: 2497406903890568550, guid: 7ba64c0944716c24f911914e2e6af7a4,
        type: 3}
      propertyPath: m_LocalRotation.x
      value: -0
      objectReference: {fileID: 0}
    - target: {fileID: 2497406903890568550, guid: 7ba64c0944716c24f911914e2e6af7a4,
        type: 3}
      propertyPath: m_LocalRotation.y
      value: -0
      objectReference: {fileID: 0}
    - target: {fileID: 2497406903890568550, guid: 7ba64c0944716c24f911914e2e6af7a4,
        type: 3}
      propertyPath: m_LocalRotation.z
      value: -0
      objectReference: {fileID: 0}
    - target: {fileID: 2497406903890568550, guid: 7ba64c0944716c24f911914e2e6af7a4,
        type: 3}
      propertyPath: m_LocalRotation.w
      value: 1
      objectReference: {fileID: 0}
    - target: {fileID: 2497406903890568550, guid: 7ba64c0944716c24f911914e2e6af7a4,
        type: 3}
      propertyPath: m_RootOrder
      value: 3
      objectReference: {fileID: 0}
    - target: {fileID: 2497406903890568550, guid: 7ba64c0944716c24f911914e2e6af7a4,
        type: 3}
      propertyPath: m_LocalEulerAnglesHint.x
      value: 0
      objectReference: {fileID: 0}
    - target: {fileID: 2497406903890568550, guid: 7ba64c0944716c24f911914e2e6af7a4,
        type: 3}
      propertyPath: m_LocalEulerAnglesHint.y
      value: 0
      objectReference: {fileID: 0}
    - target: {fileID: 2497406903890568550, guid: 7ba64c0944716c24f911914e2e6af7a4,
        type: 3}
      propertyPath: m_LocalEulerAnglesHint.z
      value: 0
      objectReference: {fileID: 0}
    - target: {fileID: 8834459052261777532, guid: 7ba64c0944716c24f911914e2e6af7a4,
        type: 3}
      propertyPath: m_Materials.Array.data[1]
      value: 
      objectReference: {fileID: 2100000, guid: 0ca7e5cb4d922764593c2dfc72fb2a44, type: 2}
    - target: {fileID: 8834459052261777532, guid: 7ba64c0944716c24f911914e2e6af7a4,
        type: 3}
      propertyPath: m_Materials.Array.data[0]
      value: 
      objectReference: {fileID: 2100000, guid: 0ca7e5cb4d922764593c2dfc72fb2a44, type: 2}
    m_RemovedComponents: []
  m_SourcePrefab: {fileID: 100100000, guid: 7ba64c0944716c24f911914e2e6af7a4, type: 3}
--- !u!4 &158154815815167154 stripped
Transform:
  m_CorrespondingSourceObject: {fileID: 2497406903890568550, guid: 7ba64c0944716c24f911914e2e6af7a4,
    type: 3}
  m_PrefabInstance: {fileID: 2349034778578078164}
  m_PrefabAsset: {fileID: 0}
--- !u!1001 &4106497678702685360
PrefabInstance:
  m_ObjectHideFlags: 0
  serializedVersion: 2
  m_Modification:
    m_TransformParent: {fileID: 6766533749589004363}
    m_Modifications:
    - target: {fileID: 4548416285556944926, guid: 7ba64c0944716c24f911914e2e6af7a4,
        type: 3}
      propertyPath: m_Name
      value: Wall_4m
      objectReference: {fileID: 0}
    - target: {fileID: 2497406903890568550, guid: 7ba64c0944716c24f911914e2e6af7a4,
        type: 3}
      propertyPath: m_LocalPosition.x
      value: 0
      objectReference: {fileID: 0}
    - target: {fileID: 2497406903890568550, guid: 7ba64c0944716c24f911914e2e6af7a4,
        type: 3}
      propertyPath: m_LocalPosition.y
      value: 0
      objectReference: {fileID: 0}
    - target: {fileID: 2497406903890568550, guid: 7ba64c0944716c24f911914e2e6af7a4,
        type: 3}
      propertyPath: m_LocalPosition.z
      value: 6
      objectReference: {fileID: 0}
    - target: {fileID: 2497406903890568550, guid: 7ba64c0944716c24f911914e2e6af7a4,
        type: 3}
      propertyPath: m_LocalRotation.x
      value: -0
      objectReference: {fileID: 0}
    - target: {fileID: 2497406903890568550, guid: 7ba64c0944716c24f911914e2e6af7a4,
        type: 3}
      propertyPath: m_LocalRotation.y
      value: -0
      objectReference: {fileID: 0}
    - target: {fileID: 2497406903890568550, guid: 7ba64c0944716c24f911914e2e6af7a4,
        type: 3}
      propertyPath: m_LocalRotation.z
      value: -0
      objectReference: {fileID: 0}
    - target: {fileID: 2497406903890568550, guid: 7ba64c0944716c24f911914e2e6af7a4,
        type: 3}
      propertyPath: m_LocalRotation.w
      value: 1
      objectReference: {fileID: 0}
    - target: {fileID: 2497406903890568550, guid: 7ba64c0944716c24f911914e2e6af7a4,
        type: 3}
      propertyPath: m_RootOrder
      value: 5
      objectReference: {fileID: 0}
    - target: {fileID: 2497406903890568550, guid: 7ba64c0944716c24f911914e2e6af7a4,
        type: 3}
      propertyPath: m_LocalEulerAnglesHint.x
      value: 0
      objectReference: {fileID: 0}
    - target: {fileID: 2497406903890568550, guid: 7ba64c0944716c24f911914e2e6af7a4,
        type: 3}
      propertyPath: m_LocalEulerAnglesHint.y
      value: 0
      objectReference: {fileID: 0}
    - target: {fileID: 2497406903890568550, guid: 7ba64c0944716c24f911914e2e6af7a4,
        type: 3}
      propertyPath: m_LocalEulerAnglesHint.z
      value: 0
      objectReference: {fileID: 0}
    - target: {fileID: 8834459052261777532, guid: 7ba64c0944716c24f911914e2e6af7a4,
        type: 3}
      propertyPath: m_Materials.Array.data[1]
      value: 
      objectReference: {fileID: 2100000, guid: 0ca7e5cb4d922764593c2dfc72fb2a44, type: 2}
    - target: {fileID: 8834459052261777532, guid: 7ba64c0944716c24f911914e2e6af7a4,
        type: 3}
      propertyPath: m_Materials.Array.data[0]
      value: 
      objectReference: {fileID: 2100000, guid: 0ca7e5cb4d922764593c2dfc72fb2a44, type: 2}
    m_RemovedComponents: []
  m_SourcePrefab: {fileID: 100100000, guid: 7ba64c0944716c24f911914e2e6af7a4, type: 3}
--- !u!4 &1897607232427346390 stripped
Transform:
  m_CorrespondingSourceObject: {fileID: 2497406903890568550, guid: 7ba64c0944716c24f911914e2e6af7a4,
    type: 3}
  m_PrefabInstance: {fileID: 4106497678702685360}
  m_PrefabAsset: {fileID: 0}
--- !u!1001 &8573742774033506687
PrefabInstance:
  m_ObjectHideFlags: 0
  serializedVersion: 2
  m_Modification:
    m_TransformParent: {fileID: 6766533749589004363}
    m_Modifications:
    - target: {fileID: 4548416285556944926, guid: 7ba64c0944716c24f911914e2e6af7a4,
        type: 3}
      propertyPath: m_Name
      value: Wall_4m
      objectReference: {fileID: 0}
    - target: {fileID: 2497406903890568550, guid: 7ba64c0944716c24f911914e2e6af7a4,
        type: 3}
      propertyPath: m_LocalPosition.x
      value: 0
      objectReference: {fileID: 0}
    - target: {fileID: 2497406903890568550, guid: 7ba64c0944716c24f911914e2e6af7a4,
        type: 3}
      propertyPath: m_LocalPosition.y
      value: 4
      objectReference: {fileID: 0}
    - target: {fileID: 2497406903890568550, guid: 7ba64c0944716c24f911914e2e6af7a4,
        type: 3}
      propertyPath: m_LocalPosition.z
      value: 6
      objectReference: {fileID: 0}
    - target: {fileID: 2497406903890568550, guid: 7ba64c0944716c24f911914e2e6af7a4,
        type: 3}
      propertyPath: m_LocalRotation.x
      value: -0
      objectReference: {fileID: 0}
    - target: {fileID: 2497406903890568550, guid: 7ba64c0944716c24f911914e2e6af7a4,
        type: 3}
      propertyPath: m_LocalRotation.y
      value: -0
      objectReference: {fileID: 0}
    - target: {fileID: 2497406903890568550, guid: 7ba64c0944716c24f911914e2e6af7a4,
        type: 3}
      propertyPath: m_LocalRotation.z
      value: -0
      objectReference: {fileID: 0}
    - target: {fileID: 2497406903890568550, guid: 7ba64c0944716c24f911914e2e6af7a4,
        type: 3}
      propertyPath: m_LocalRotation.w
      value: 1
      objectReference: {fileID: 0}
    - target: {fileID: 2497406903890568550, guid: 7ba64c0944716c24f911914e2e6af7a4,
        type: 3}
      propertyPath: m_RootOrder
      value: 4
      objectReference: {fileID: 0}
    - target: {fileID: 2497406903890568550, guid: 7ba64c0944716c24f911914e2e6af7a4,
        type: 3}
      propertyPath: m_LocalEulerAnglesHint.x
      value: 0
      objectReference: {fileID: 0}
    - target: {fileID: 2497406903890568550, guid: 7ba64c0944716c24f911914e2e6af7a4,
        type: 3}
      propertyPath: m_LocalEulerAnglesHint.y
      value: 0
      objectReference: {fileID: 0}
    - target: {fileID: 2497406903890568550, guid: 7ba64c0944716c24f911914e2e6af7a4,
        type: 3}
      propertyPath: m_LocalEulerAnglesHint.z
      value: 0
      objectReference: {fileID: 0}
    - target: {fileID: 8834459052261777532, guid: 7ba64c0944716c24f911914e2e6af7a4,
        type: 3}
      propertyPath: m_Materials.Array.data[1]
      value: 
      objectReference: {fileID: 2100000, guid: 0ca7e5cb4d922764593c2dfc72fb2a44, type: 2}
    - target: {fileID: 8834459052261777532, guid: 7ba64c0944716c24f911914e2e6af7a4,
        type: 3}
      propertyPath: m_Materials.Array.data[0]
      value: 
      objectReference: {fileID: 2100000, guid: 0ca7e5cb4d922764593c2dfc72fb2a44, type: 2}
    m_RemovedComponents: []
  m_SourcePrefab: {fileID: 100100000, guid: 7ba64c0944716c24f911914e2e6af7a4, type: 3}
--- !u!4 &6076657686875178009 stripped
Transform:
  m_CorrespondingSourceObject: {fileID: 2497406903890568550, guid: 7ba64c0944716c24f911914e2e6af7a4,
    type: 3}
  m_PrefabInstance: {fileID: 8573742774033506687}
  m_PrefabAsset: {fileID: 0}
--- !u!1001 &9162202282945109470
PrefabInstance:
  m_ObjectHideFlags: 0
  serializedVersion: 2
  m_Modification:
    m_TransformParent: {fileID: 6766533749589004363}
    m_Modifications:
    - target: {fileID: 4548416285556944926, guid: 7ba64c0944716c24f911914e2e6af7a4,
        type: 3}
      propertyPath: m_Name
      value: Wall_4m
      objectReference: {fileID: 0}
    - target: {fileID: 2497406903890568550, guid: 7ba64c0944716c24f911914e2e6af7a4,
        type: 3}
      propertyPath: m_LocalPosition.x
      value: 0
      objectReference: {fileID: 0}
    - target: {fileID: 2497406903890568550, guid: 7ba64c0944716c24f911914e2e6af7a4,
        type: 3}
      propertyPath: m_LocalPosition.y
      value: 4
      objectReference: {fileID: 0}
    - target: {fileID: 2497406903890568550, guid: 7ba64c0944716c24f911914e2e6af7a4,
        type: 3}
      propertyPath: m_LocalPosition.z
      value: 3
      objectReference: {fileID: 0}
    - target: {fileID: 2497406903890568550, guid: 7ba64c0944716c24f911914e2e6af7a4,
        type: 3}
      propertyPath: m_LocalRotation.x
      value: -0
      objectReference: {fileID: 0}
    - target: {fileID: 2497406903890568550, guid: 7ba64c0944716c24f911914e2e6af7a4,
        type: 3}
      propertyPath: m_LocalRotation.y
      value: -0
      objectReference: {fileID: 0}
    - target: {fileID: 2497406903890568550, guid: 7ba64c0944716c24f911914e2e6af7a4,
        type: 3}
      propertyPath: m_LocalRotation.z
      value: -0
      objectReference: {fileID: 0}
    - target: {fileID: 2497406903890568550, guid: 7ba64c0944716c24f911914e2e6af7a4,
        type: 3}
      propertyPath: m_LocalRotation.w
      value: 1
      objectReference: {fileID: 0}
    - target: {fileID: 2497406903890568550, guid: 7ba64c0944716c24f911914e2e6af7a4,
        type: 3}
      propertyPath: m_RootOrder
      value: 2
      objectReference: {fileID: 0}
    - target: {fileID: 2497406903890568550, guid: 7ba64c0944716c24f911914e2e6af7a4,
        type: 3}
      propertyPath: m_LocalEulerAnglesHint.x
      value: 0
      objectReference: {fileID: 0}
    - target: {fileID: 2497406903890568550, guid: 7ba64c0944716c24f911914e2e6af7a4,
        type: 3}
      propertyPath: m_LocalEulerAnglesHint.y
      value: 0
      objectReference: {fileID: 0}
    - target: {fileID: 2497406903890568550, guid: 7ba64c0944716c24f911914e2e6af7a4,
        type: 3}
      propertyPath: m_LocalEulerAnglesHint.z
      value: 0
      objectReference: {fileID: 0}
    - target: {fileID: 8834459052261777532, guid: 7ba64c0944716c24f911914e2e6af7a4,
        type: 3}
      propertyPath: m_Materials.Array.data[1]
      value: 
      objectReference: {fileID: 2100000, guid: 0ca7e5cb4d922764593c2dfc72fb2a44, type: 2}
    - target: {fileID: 8834459052261777532, guid: 7ba64c0944716c24f911914e2e6af7a4,
        type: 3}
      propertyPath: m_Materials.Array.data[0]
      value: 
      objectReference: {fileID: 2100000, guid: 0ca7e5cb4d922764593c2dfc72fb2a44, type: 2}
    m_RemovedComponents: []
  m_SourcePrefab: {fileID: 100100000, guid: 7ba64c0944716c24f911914e2e6af7a4, type: 3}
--- !u!4 &6741391895738857656 stripped
Transform:
  m_CorrespondingSourceObject: {fileID: 2497406903890568550, guid: 7ba64c0944716c24f911914e2e6af7a4,
    type: 3}
  m_PrefabInstance: {fileID: 9162202282945109470}
  m_PrefabAsset: {fileID: 0}
